Journals:

@string{ ACHA            = "Appl. Comput. Harm. Anal."}
@string{ ANNM            = "Ann. of Math."}
@string{ ANNMS           = "Ann. of Math. Statist."}
@string{ ANNP            = "Ann. Probab."}
@string{ BSTJ            = "Bell Syst. Tech. J."}
@string{ CACM            = "Comm. ACM"}
@string{ CCR             = "Comp. Comm. Rev."}
@string{ Computer        = "Computer"}
@string{ IEEE-Proc       = "Proc. IEEE"}
@string{ IRE-Proc        = "Proc. IRE"}
@string{ IEEE-Network    = "IEEE Network"}
@string{ IEEE-JSAC       = "IEEE J. Sel. Areas Comm."}
@string{ IEEE-SP-Let     = "IEEE Sig. Proc. Let."}
@string{ IEEE-SP-Mag     = "IEEE Sig. Proc. Mag."}
@string{ IEEE-Trans-AC   = "IEEE Trans. Automat. Control"}
@string{ IEEE-Trans-ASSP = "IEEE Trans. Acoust. Speech Signal Proc."} 
@string{ IEEE-Trans-CE   = "IEEE Trans. Consum. Electron."}
@string{ IEEE-Trans-CS   = "IEEE Trans. Circuits Syst."}
@string{ IEEE-Trans-CS2  = "IEEE Trans. Circuits Syst.--II: Anal. Dig. Sig. Proc."}
@string{ IEEE-Trans-CSVT = "IEEE Trans. Circuits Syst. Video Technol."}
@string{ IEEE-Trans-Comm = "IEEE Trans. Comm."}
@string{ IEEE-Trans-CommSys = "IEEE Trans. Commun. Syst."}
@string{ IEEE-Trans-Comp = "IEEE Trans. Comp."}
@string{ IEEE-Trans-IM   = "IEEE Trans. Intrum. Meas."}
@string{ IEEE-Trans-IP   = "IEEE Trans. Image Proc."}
@string{ IEEE-Trans-IT   = "IEEE Trans. Inform. Th."}
@string{ IRE-Trans-IT    = "IRE Trans. Inform. Th."}
@string{ IEEE-Trans-Mm   = "IEEE Trans. Multimedia"}
@string{ IEEE-ACM-Network = "IEEE/ACM Trans. Networking"}
@string{ IEEE-ITSoc-News = "IEEE Inform. Th. Soc. Newsletter"}
@string{ IEEE-Trans-PAMI = "IEEE Trans. Pattern Anal. and Mach. Int."}
@string{ IEEE-Trans-SAP  = "IEEE Trans. Speech Audio Proc."}
@string{ IEEE-Trans-SP   = "IEEE Trans. Signal Proc."}
@string{ IEEE-Trans-SMC  = "IEEE Trans. on Syst. Man and Cybernetics"}
@string{ IEEE-Trans-SMC3 = "IEEE Trans. on Syst. Man and
                            Cybernetics--Pt.\ C: Appl. \& Rev."}
@string{ JASA            = "J. Amer. Stat. Assoc."}
@string{ JFAA            = "J. Fourier Anal. Appl."}
@string{ PAMS            = "Proc. Amer. Math. Soc."}
@string{ PPI             = "Probl. Peredach. Inform."}
@string{ SP              = "Signal Proc."}
@string{ TAMS            = "Trans. Amer. Math. Soc."}
@string{ TPA             = "Theory Probab. Appl."}

Conferences:

@string{ asilomar   = "Conf. Rec. Asilomar Conf. on Sig., Sys. \& Computers"}
@string{ asilomar-loc = "Pacific Grove, CA"}
@string{ acc        = "Proc. IEEE Amer. Contr. Conf."}
@string{ cdc        = "Proc. IEEE Conf. Dec. \& Contr."}
@string{ ciss            = "Proc. Conf. on Inform. Sci. \& Sys."}
@string{ dcc             = "Proc. IEEE Data Compression Conf."}
@string{ dcc-eds         = ""}
@string{ dcc-pub         = ""}
@string{ dcc-loc         = "Snowbird, Utah"}
@string{ icaos96         = "Proc. 12th Int. Conf. Anal. \& Opt. of Sys.: Images, Wavelets \& PDE's"}
@string{ icassp     = "Proc. IEEE Int. Conf. Acoust., Speech, and Signal Proc."}
@string{ icc        = "Proc. IEEE Int. Conf. Comm."}
@string{ icip       = "Proc. IEEE Int. Conf. Image Proc."}
@string{ isit       = "Proc. IEEE Int. Symp. Inform. Th."}
@string{ ist-spie        = "Proc. IS~\&~T/SPIE"}
@string{ nossdav98       = "Proc. 8th Int. Workshop Netw. Operating Syst. Supp.
                            for Dig. Aud. Vid. (NOSSDAV)"}
@string{ nossdav99       = "Proc. 9th Int. Workshop Netw. Operating Syst. Supp.
                            for Dig. Aud. Vid. (NOSSDAV)"}
@string{ vcip            = "Proc. SPIE Conf. on Vis. Commun. and Image Proc."}
@string{ wavx            = "Proc. Wavelets: Appl. in Sig. \& Image Proc. X,
                            part of SPIE Int. Symp. on Optical Sci. \& Tech."}

         { dcc-eds         = "J. A. Storer and M. Cohn"}
         { dcc-pub         = "IEEE Comp. Soc. Press"}

Other:

@STRING{ kluwer          = "Kluwer Acad. Pub."}
@STRING{ icsi            = "Int. Comp. Sci. Instit."}

@preamble{ "\newcommand{\SortNoop}[1]{} " }

------------------------------------------------------------------------
 
@ARTICLE{Article,
        AUTHOR =        {},
        TITLE =         {},
        JOURNAL =       {},
        Volume =        {},
        Number =        {},
        Pages =         {},
        Month =         {},
        YEAR =          {},
        Note =          {},
        summary =       {}
        }
@BOOK{Book,
        AUTHOR =        {},
        editor =        {},
        TITLE =         {},
        PUBLISHER =     {},
        YEAR =          {},
        Volume =        {},
        number =        {},
        Series =        {},
        Address =       {},
        Edition =       {},
        Month =         {},
        Note =          {},
        summary =       {}
        }
@BOOKLET{Booklet,
        TITLE =         {},
        Author =        {},
        Howpublished =  {},
        Address =       {},
        Month =         {},
        Year =          {},
        Note =          {},
        summary =       {}
        }
@INBOOK{Inbook,
        AUTHOR =        {},
        editor =        {},
        TITLE =         {},
        CHAPTER =       {},
        pages =         {},
        PUBLISHER =     {},
        YEAR =          {},
        Volume =        {},
        number =        {},
        Series =        {},
        Type =          {},
        Address =       {},
        Edition =       {},
        Month =         {},
        Note =          {},
        summary =       {}
        }
@INCOLLECTION{Incollection,
        AUTHOR =        {},
        TITLE =         {},
        BOOKTITLE =     {},
        PUBLISHER =     {},
        YEAR =          {},
        Editor =        {},
        Volume =        {},
        number =        {},
        Series =        {},
        Type =          {},
        Chapter =       {},
        Pages =         {},
        Address =       {},
        Edition =       {},
        Month =         {},
        Note =          {},
        summary =       {}
        }
@INPROCEEDINGS{Inproceedings,
        AUTHOR =        {},
        TITLE =         {},
        BOOKTITLE =     {},
        YEAR =          {},
        Editor =        {},
        Volume =        {},
        number =        {},
        Series =        {},
        Pages =         {},
        Address =       {},
        Month =         {},
        Organization =  {},
        Publisher =     {},
        Note =          {},
        summary =       {}
        }
@MANUAL{Manual,
        TITLE =         {},
        Author =        {},
        Organization =  {},
        Address =       {},
        Edition =       {},
        Month =         {},
        Year =          {},
        Note =          {},
        summary =       {}
        }
@MASTERSTHESIS{Mastersthesis,
        AUTHOR =        {},
        TITLE =         {},
        SCHOOL =        {},
        YEAR =          {},
        Type =          {},
        Address =       {},
        Month =         {},
        Note =          {},
        summary =       {}
        }
@MISC{Misc,
        Author =        {},
        Title =         {},
        Howpublished =  {},
        Month =         {},
        Year =          {},
        Note =          {},
        summary =       {}
        }
@PHDTHESIS{Phdthesis,
        AUTHOR =        {},
        TITLE =         {},
        SCHOOL =        {},
        YEAR =          {},
        Type =          {},
        Address =       {},
        Month =         {},
        Note =          {},
        summary =       {}
        }
@PROCEEDINGS{Proceedings,
        TITLE =         {},
        YEAR =          {},
        Editor =        {},
        Volume =        {},
        number =        {},
        Series =        {},
        Address =       {},
        Month =         {},
        Organization =  {},
        Publisher =     {},
        Note =          {},
        summary =       {}
        }
@TECHREPORT{Techreport,
        AUTHOR =        {},
        TITLE =         {},
        INSTITUTION =   {},
        YEAR =          {},
        Type =          {},
        Number =        {},
        Address =       {},
        Month =         {},
        Note =          {},
        summary =       {}
        }
@UNPUBLISHED{Unpublished,
        AUTHOR =        {},
        TITLE =         {},
        NOTE =          {},
        Month =         {},
        Year =          {},
        summary =       {}
        }

------------------------------------------------------------------------

@BOOK{Higham:98,
        AUTHOR =        {N.J. Higham},
        TITLE =         {Handbook of Writing for Mathematical Sciences},
        PUBLISHER =     {SIAM},
        YEAR =          {1998}
        }

@Book{Strunk:00,
  author = 	 {W. Strunk~Jr. and E.B. White},
  title = 	 {Elements of Style},
  publisher = 	 {Longman},
  year = 	 {2000},
  edition = 	 {4th}
}

@article{nezamabadi2006edge,
	title={Edge detection using ant algorithms},
	author={Nezamabadi-Pour, Hossein and Saryazdi, Saeid and Rashedi, Esmat},
	journal={Soft Computing-A Fusion of Foundations, Methodologies and Applications},
	volume={10},
	number={7},
	pages={623--628},
	year={2006},
	publisher={Springer}
}

@inproceedings{tian2008ant,
	title={An ant colony optimization algorithm for image edge detection},
	author={Tian, Jing and Yu, Weiyu and Xie, Shengli},
	booktitle={Evolutionary Computation, 2008. CEC 2008.(IEEE World Congress on Computational Intelligence). IEEE Congress on},
	pages={751--756},
	year={2008},
	organization={IEEE}
}

@article{etemad2011ant,
	title={An ant-inspired algorithm for detection of image edge features},
	author={Etemad, S Ali and White, Tony},
	journal={Applied soft computing},
	volume={11},
	number={8},
	pages={4883--4893},
	year={2011},
	publisher={Elsevier}
}

@article{LIU2015147,
	author = {Liu, Xiaochen and Fang, Suping},
	doi = {10.1016/j.optcom.2015.05.019},
	issn = {0030-4018},
	journal = {Optics Communications},
	keywords = {Edge detection; Ant colony optimization; Ant algorithms},
	note = {},
	number = {},
	pages = {147--157},
	title = {{A convenient and robust edge detection method based on ant colony optimization}},
	url = {http://www.sciencedirect.com/science/article/pii/S0030401815003946},
	volume = {353},
	year = {2015}
}

@article{RANDALL20021421,
	author = {Marcus Randall and Andrew Lewis},
	doi = {10.1006/jpdc.2002.1854},
	issn = {0743-7315},
	journal = {Journal of Parallel and Distributed Computing},
	keywords = {ant colony optimization; parallelization; travelling salesman problem.},
	note = {},
	number = {9},
	pages = {1421–1432},
	title = {A Parallel Implementation of Ant Colony Optimization},
	url = {http://www.sciencedirect.com/science/article/pii/S074373150291854X},
	volume = {62},
	year = {2002}
}

@article{PEDEMONTE20115181,
	author = {Pedemonte, Mart\'{\i}n and Nesmachnow, Sergio and Cancela, H\'{e}ctor},
	doi = {10.1016/j.asoc.2011.05.042},
	issn = {1568-4946},
	journal = {Applied Soft Computing},
	keywords = {Ant colony optimization; Parallel implementations; Taxonomy},
	note = {},
	number = {8},
	pages = {5181--5197},
	title = {{A survey on parallel ant colony optimization}},
	url = {http://www.sciencedirect.com/science/article/pii/S156849461100202X},
	volume = {11},
	year = {2011}
}

@inproceedings{delisle2001parallel,
	title={Parallel implementation of an ant colony optimization metaheuristic with OpenMP},
	author={Delisle, Pierre and Krajecki, Micha{\"e}l and Gravel, Marc and Gagn{\'e}, Caroline},
	booktitle={Proceedings of the 3rd European Workshop on OpenMP (EWOMP’01), Barcelona, Spain},
	year={2001}
}

@inproceedings{dawson2014accelerating,
	title={Accelerating ant colony optimization-based edge detection on the GPU using CUDA},
	author={Dawson, Laurence and Stewart, Iain A},
	booktitle={Evolutionary Computation (CEC), 2014 IEEE Congress on},
	pages={1736--1743},
	year={2014},
	organization={IEEE}
}


